<?xml version="1.0" encoding="UTF-8"?><collection xmlns="http://www.loc.gov/MARC21/slim"><record><leader>00733nam--2200193-i-4500</leader><controlfield tag="001">000011724</controlfield><controlfield tag="002">20161230</controlfield><controlfield tag="005">20170114234706</controlfield><controlfield tag="008">060222s1000------------r-----000-0-eng-d</controlfield><datafield ind1=" " ind2=" " tag="040"><subfield code="a">IFIN-HH</subfield></datafield><datafield ind1=" " ind2=" " tag="080"><subfield code="a">537.531</subfield></datafield><datafield ind1="1" ind2=" " tag="100"><subfield code="a">Brill, R</subfield></datafield><datafield ind1="1" ind2="0" tag="245"><subfield code="a">Advances in structure research by diffraction methods. Fortschritte der strukturforschung mit beugungsmethoden</subfield><subfield code="b">Volume 2. with contributions of G.E. Bacon, R. Mason/B.B. Reobertson, S.C. Phillips, P. Corradini</subfield><subfield code="c">R. Brill, R. Mason (eds.)</subfield></datafield><datafield ind1=" " ind2=" " tag="260"><subfield code="a">Braunschweig</subfield><subfield code="b">Friedr. Vieweg &amp; Sohn</subfield><subfield code="c">1966</subfield></datafield><datafield ind1=" " ind2=" " tag="300"><subfield code="a">166 p</subfield></datafield><datafield ind1=" " ind2=" " tag="490"><subfield code="a">Advances In Structure Research By Diffraction Methods</subfield><subfield code="v">Volume 2</subfield></datafield><datafield ind1="1" ind2=" " tag="700"><subfield code="a">Mason, A</subfield><subfield code="e">Ed</subfield></datafield><datafield ind1=" " ind2=" " tag="852"><subfield code="a">22403</subfield><subfield code="c">537.531</subfield></datafield><datafield ind1=" " ind2=" " tag="CAT"><subfield code="a">SYS</subfield><subfield code="c">20170114</subfield><subfield code="h">234706</subfield></datafield></record></collection>